@Inbook{Eschweiler2006,
title="Bedrohungen",
bookTitle="Security@Work: Pragmatische Konzeption und Implementierung von IT-Sicherheit mit L{\"o}ungsbeispielen auf Open-Source-Basis",
year="2006",
publisher="Springer Berlin Heidelberg",
address="Berlin, Heidelberg",
pages="49--83",
abstract="Zusammenfassend l{\"a}sst sich sagen, dass sich in den letzten Jahren Quantit{\"a}t sowie Qualit{\"a}t der Bedrohungsszenarien stark gewandelt hat. Heutzutage geht die Hauptbedrohung --- sowohl qualitativ als auch quantitativ betrachtet --- nicht von sporadischen Aktivit{\"a}ten schlecht ausgestatteter Hobby-Hacker oder Programmierer aus.",
isbn="978-3-540-36226-5",
doi="10.1007/3-540-36226-6_5",
url="https://doi.org/10.1007/3-540-36226-6_5"
}
@ARTICLE{7762928,  author={N. {Nissim} and A. {Cohen} and Y. {Elovici}},  journal={IEEE Transactions on Information Forensics and Security},   title={ALDOCX: Detection of Unknown Malicious Microsoft Office Documents Using Designated Active Learning Methods Based on New Structural Feature Extraction Methodology},   year={2017},  volume={12},  number={3},  pages={631-646},  abstract={Attackers increasingly take advantage of innocent users who tend to casually open email messages assumed to be benign, carrying malicious documents. Recent targeted attacks aimed at organizations utilize the new Microsoft Word documents (*.docx). Anti-virus software fails to detect new unknown malicious files, including malicious docx files. In this paper, we present ALDOCX, a framework aimed at accurate detection of new unknown malicious docx files that also efficiently enhances the framework's detection capabilities over time. Detection relies upon our new structural feature extraction methodology (SFEM), which is performed statically using meta-features extracted from docx files. Using machine-learning algorithms with SFEM, we created a detection model that successfully detects new unknown malicious docx files. In addition, because it is crucial to maintain the detection model's updatability and incorporate new malicious files created daily, ALDOCX integrates our active-learning (AL) methods, which are designed to efficiently assist anti-virus vendors by better focusing their experts' analytical efforts and enhance detection capability. ALDOCX identifies and acquires new docx files that are most likely malicious, as well as informative benign files. These files are used for enhancing the knowledge stores of both the detection model and the anti-virus software. The evaluation results show that by using ALDOCX and SFEM, we achieved a high detection rate of malicious docx files (94.44% TPR) compared with the anti-virus software (85.9% TPR)-with very low FPR rates (0.19%). ALDOCX's AL methods used only 14% of the labeled docx files, which led to a reduction of 95.5% in security experts' labeling efforts compared with the passive learning and the support vector machine (SVM)-Margin (existing active-learning method). Our AL methods also showed a significant improvement of 91% in number of unknown docx malware acquired, compared with the passive learning and the SVM-Margin, thus providing an improved updating solution for the detection model, as well as the anti-virus software widely used within organizations.},  keywords={feature extraction;learning (artificial intelligence);security of data;ALDOCX;unknown malicious Microsoft Office documents detection;structural feature extraction methodology;unknown malicious docx files accurate detection;SFEM;machine-learning algorithms;active-learning methods;AL methods;informative benign files;antivirus software;unknown docx malware;SVM-Margin;passive learning;Organizations;Feature extraction;Electronic mail;Security;Malware;Portable document format;Active learning;machine learning;structural;documents;microsoft office files;docx;malware;malicious},  doi={10.1109/TIFS.2016.2631905},  ISSN={1556-6021},  month={March},}
@misc{balangcod_2019, title={Distributing Malware, one "Word" at a Time TechBlog}, url={https://www.gdatasoftware.com/blog/2019/02/31429-distributing-malware-word}, journal={Distributing Malware, one "Word" at a Time TechBlog | G DATA}, author={Balangcod, Wren}, year={2019}, month={Feb}}
@misc{stevens, title={Malicious PDF Documents Explained}, url={https://www.csee.umbc.edu/courses/graduate/CMSC691am/student talks/Malicious PDF Documents Explained.pdf}, journal={Malicious PDF Documents Explained.pdf}, author={Stevens, Didier}}
@misc{infosecresources_2013, title={Analyzing Malicious PDFs}, url={https://resources.infosecinstitute.com/analyzing-malicious-pdf/}, journal={Infosec Resources}, year={2013}, month={Nov}}
@misc{xu_wang_xie_zhang_2012, title={A Fast and Precise Malicious PDF Filter}, url={https://www.virusbulletin.com/uploads/pdf/conference_slides/2012/Xu-etal-VB2012.pdf}, journal={PDF_filter_slides_VB2012-Xu-etal-VB2012.pdf}, author={Xu, Wei and Wang, Xinrang and Xie, Huagang and Zhang, Yanxin}, year={2012}, month={Sep}}
@misc{adobeacrobatreader:cvesecurityvulnerabilities, title={Adobe " Acrobat Reader : Vulnerability Statistics}, url={https://www.cvedetails.com/product/497/Adobe-Acrobat-Reader.html?vendor_id=53}, journal={Adobe Acrobat Reader : CVE security vulnerabilities, versions and detailed reports}}
@misc{cyren, title={Complex – PDF hides Malware inside XFA which is inside PNG – not an image}, url={https://www.cyren.com/blog/articles/complex-pdf-hides-malware-inside-xfa-which-is-inside-png-not-an-image-1229}, journal={Cyren}}
@misc{openjpeg:securityvulnerabilities, title={Openjpeg : Security Vulnerabilities}, url={https://www.cvedetails.com/vulnerability-list/vendor_id-12064/Openjpeg.html}, journal={Openjpeg : Security vulnerabilities}}
@misc{danfujita_2016, title={danfujita/heapspray}, url={https://github.com/danfujita/heapspray}, journal={GitHub}, author={Danfujita}, year={2016}, month={May}}
@inproceedings{inproceedings,
author = {Suarez-Tangil, Guillermo and Tapiador, Juan and Peris-Lopez, Pedro},
year = {2014},
month = {12},
pages = {},
title = {Stegomalware: Playing Hide and Seek with Malicious Components in Smartphone Apps},
doi = {10.1007/978-3-319-16745-9_27}
}
@misc{microsoftwordcve, title={Microsoft " Word : Security Vulnerabilities}, url={https://www.cvedetails.com/vulnerability-list/vendor_id-26/product_id-529/Microsoft-Word.html}, journal={Microsoft Word : List of security vulnerabilities}} 